<?xml version="1.0" encoding="UTF-8"?>
<collection xmlns:xsi="http://www.w3.org/2001/XMLSchema-instance" xsi:schemaLocation="http://www.loc.gov/MARC21/slim http://www.loc.gov/standards/marcxml/schema/MARC21slim.xsd" xmlns="http://www.loc.gov/MARC21/slim">
<record>
  <leader>01757mam a2200289 a 4500</leader>
  <controlfield tag="001">646146</controlfield>
  <controlfield tag="003">NNC</controlfield>
  <controlfield tag="005">20150817133033.0</controlfield>
  <controlfield tag="008">970715s1908    ua            000 0 arard</controlfield>
  <datafield tag="035" ind1=" " ind2=" ">
    <subfield code="a">(OCoLC)37297570</subfield>
  </datafield>
  <datafield tag="035" ind1=" " ind2=" ">
    <subfield code="a">(OCoLC)ocm37297570</subfield>
  </datafield>
  <datafield tag="035" ind1=" " ind2=" ">
    <subfield code="a">(CStRLIN)NYCG88-B31764</subfield>
  </datafield>
  <datafield tag="035" ind1=" " ind2=" ">
    <subfield code="9">ACV3141CU</subfield>
  </datafield>
  <datafield tag="035" ind1=" " ind2=" ">
    <subfield code="a">(NNC)646146</subfield>
  </datafield>
  <datafield tag="035" ind1=" " ind2=" ">
    <subfield code="a">646146</subfield>
  </datafield>
  <datafield tag="040" ind1=" " ind2=" ">
    <subfield code="a">UUM</subfield>
    <subfield code="c">UUM</subfield>
    <subfield code="d">PUL</subfield>
    <subfield code="d">NNC</subfield>
  </datafield>
  <datafield tag="100" ind1="0" ind2=" ">
    <subfield code="a">Ḥarīrī,</subfield>
    <subfield code="d">1054-1122.</subfield>
  </datafield>
  <datafield tag="240" ind1="1" ind2="0">
    <subfield code="a">Maqāmāt</subfield>
  </datafield>
  <datafield tag="245" ind1="1" ind2="0">
    <subfield code="a">Kitāb al-maqāmāt al-adabīyah /</subfield>
    <subfield code="c">taʾlīf Abī Muḥammad al-Qāsim ibn ʻAlī ibn Muḥammad ibn ʻUthmān al-Ḥarīrī al-Baṣrī. Wa-yalīhā risālatān min inshāʾihi kutub iḥdāhumā wa-hiya al-Sīnīyah ʻalá lisān al-amīr Amīn al-Malik Abī al-Ḥasan ibn Quṭayr al-Madānī ... wa-al-thāniyah wa-hiya al-Shīnīyah ilá al-shaykh Shams al-Shuʻarāʾ Ṭalḥah ibn Aḥmad ibn Ṭalḥah al-Nuʻmānī. Wa-yalīhā ayḍan Risālat al-imām Abī Muḥammad ʻAbd Allāh ibn Aḥmad al-maʻrūf bi-Ibn al-Khashshāb al-Baghdādī fī al-iʻtirāḍ ʻalá al-Ḥarīrī maʻa intiṣār Ibn Barrī lil-Ḥarīrī.</subfield>
  </datafield>
  <datafield tag="250" ind1=" " ind2=" ">
    <subfield code="a">al-Ṭabʻah 1.</subfield>
  </datafield>
  <datafield tag="260" ind1=" " ind2=" ">
    <subfield code="a">Egypt :</subfield>
    <subfield code="b">al-Maṭbaʻah al-Ḥusaynīyah,</subfield>
    <subfield code="c">1326 [1908 or 9]</subfield>
  </datafield>
  <datafield tag="300" ind1=" " ind2=" ">
    <subfield code="a">612, 36, 92 p. ;</subfield>
    <subfield code="c">20 cm.</subfield>
  </datafield>
  <datafield tag="600" ind1="0" ind2="0">
    <subfield code="a">Ḥarīrī,</subfield>
    <subfield code="d">1054-1122.</subfield>
    <subfield code="t">Maqāmāt.</subfield>
  </datafield>
  <datafield tag="700" ind1="0" ind2=" ">
    <subfield code="a">Ḥarīrī,</subfield>
    <subfield code="d">1054-1122.</subfield>
    <subfield code="t">Sīnīyah ʻalá lisān al-amīr Amīn al-Malik.</subfield>
  </datafield>
  <datafield tag="700" ind1="0" ind2=" ">
    <subfield code="a">Ḥarīrī,</subfield>
    <subfield code="d">1054-1122.</subfield>
    <subfield code="t">Shīnīyah ilá al-Shaykh Shams al-Shuʻarāʼ.</subfield>
  </datafield>
  <datafield tag="700" ind1="1" ind2=" ">
    <subfield code="a">Ibn al-Khashshāb, ʻAbd Allāh ibn Aḥmad,</subfield>
    <subfield code="d">1098 or 1099-1171 or 1172.</subfield>
    <subfield code="t">Intiqād ʻalá al-Ḥarīrī.</subfield>
  </datafield>
  <datafield tag="700" ind1="1" ind2=" ">
    <subfield code="a">Ibn Barrī, ʻAbd Allāh,</subfield>
    <subfield code="d">1106-1187.</subfield>
    <subfield code="t">Intiṣār lil-Ḥarīrī.</subfield>
  </datafield>
  <datafield tag="955" ind1=" " ind2=" ">
    <subfield code="b">0058640711</subfield>
    <subfield code="d">glx</subfield>
    <subfield code="e">PJ7755.M3 M32 1908g</subfield>
  </datafield>
</record>
</collection>